@online { wikipedia-graph-glossary,
    author  =   {Wikipedia},
    title   =   {Glossary of graph theory},
    url     =   {http://en.wikipedia.org/wiki/Glossary_of_graph_theory},
    urldate =   {2015-03-24},
}

@online { qgis-topology,
    author  =   {QGIS},
    title   =   {Topology},
    url     =   {https://docs.qgis.org/2.2/en/docs/gentle_gis_introduction/topology.html},
    urldate =   {2015-10-05},
}

@online { boost-bundled-properties-doc,
    author  =   {Gregor, Doug},
    title   =   {Bundled Properties},
    url     =   {http://www.boost.org/doc/libs/1_54_0/libs/graph/doc/bundles.html},
    urldate =   {2015-10-08},
}

@report { ruohonen-graph-theory,
    author  =   {Ruohonen, Keijo},
    title   =   {Graph Theory},
    year    =   {2013},
    institution =   {Tampere University of Technology},
    note    =   {Lecture notes},
    url     =   {http://math.tut.fi/~ruohonen/GT_English.pdf},
    urldate =   {2015-03-24},
}

@report { harju-graph-theory,
    author  =   {Harju, Tero},
    title   =   {Graph Theory},
    year    =   {2012},
    institution =   {University of Turku, Departement of Mathematics},
    note    =   {Lecture notes},
    url     =   {http://users.utu.fi/harju/graphtheory/graphtheory.pdf},
    urldate =   {2015-04-09},
}

@book { diestel,
    author  =   {Diestel, Reinhard},
    title   =   {Graph Theory},
    edition =   {4th Electronic Edition 2010, Corrected Reprint 2012},
    year    =   {2012},    
    url     =   {http://diestel-graph-theory.com/},
    urldate =   {2015-03-25},
}

@book { boost-graph,
    author  =   {Siek, Jeremey G. and Lee, Lie-Quan and Lumsdaine, Andrew},
    title   =   {The Boost graph library},
    subtitle    =   {User guide and reference manual},
    year    =   {2002},
    publisher   =   {Pearson Education, Inc.},
    isbn    =   {0-201-72914-8},
}

@report { volker-turncost,
    author  =   {Volker, Lars},
    title   =   {Route Planning in Road Networks with Turn Costs},
    year    =   {2008},
    institution =   {Universität Karlsruhe},
    note    =   {Student research project, Universität Karlsruhe (TH), supervised by P. Sanders and D. Schultes},
    url     =   {http://algo2.iti.kit.edu/documents/routeplanning/volker_sa.pdf},
    urldate =   {2015-04-03},
}

@TechReport { msr-route-planning-2014,
    author  =   {Hannah Bast and Daniel Delling and Andrew Goldberg and Matthias M{\"u}ller-Hannemann and Thomas Pajor and Peter Sanders and Dorothea Wagner and Renato Werneck},
    month   =   jan,
    number  =   {MSR-TR-2014-4},
    publisher = {Microsoft Research},
    title   =   {Route Planning in Transportation Networks},
    url     =   {http://research.microsoft.com/apps/pubs/default.aspx?id=207102},
    year    =   {2014},
    urldate =   {2015-04-11},
}

@incollection { overview-2009,
    year    =   {2009},
    isbn    =   {978-3-642-02093-3},
    booktitle   =   {Algorithmics of Large and Complex Networks},
    volume  =   {5515},
    series  =   {Lecture Notes in Computer Science},
    editor  =   {Lerner, Jürgen and Wagner, Dorothea and Zweig, KatharinaA.},
    doi     =   {10.1007/978-3-642-02094-0_7},
    title   =   {Engineering Route Planning Algorithms},
    url     =   {http://i11www.iti.uni-karlsruhe.de/extra/publications/dssw-erpa-09.pdf},
    publisher   =   {Springer Berlin Heidelberg},
    author  =   {Delling, Daniel and Sanders, Peter and Schultes, Dominik and Wagner, Dorothea},
    pages   =   {117-139},
    language    =   {English},
    urldate =   {2015-04-12},
}

@UnPublished { crp-2013,
    author  =   {Daniel Delling and Andrew Goldberg and Thomas Pajor and Renato Werneck},
    note    =   {working paper, submitted for publication.},
    title   =   {Customizable Route Planning in Road Networks},
    url     =   {http://research.microsoft.com/apps/pubs/default.aspx?id=198358},
    year    =   {2013},
    urldate =   {2015-04-05},
}

@inproceedings { geisberger-vetter-turn-cost-2011,
    title   =   {Efficient Routing in Road Networks with Turn Costs},
    booktitle   =   {Proc.\ 23rd International Symposium on Distributed Computing  (DISC, Elche, Spain, September 2009)},
    volume  =   5805,
    series  =   {Lecture Notes in Computer Science},
    publisher   =   {Springer},
    author  =   {Geisberger, Robert and Vetter, Christian},
    url     =   {http://algo2.iti.kit.edu/download/turn_ch.pdf},
    urldate =   {2015-04-13},
}

@inproceedings { efentakis-2014,
    title   =   {Crowdsourcing turning restrictions for OpenStreetMap.},
    author  =   {Efentakis, Alexandros and Brakatsoulas, Sotiris and Grivas, Nikos and Pfoser, Dieter},
    booktitle   =   {EDBT/ICDT Workshops},
    pages   =   {355--362},
    year    =   {2014},
    url     =   {http://ceur-ws.org/Vol-1133/paper-56.pdf},
    urldate =   {2015-04-14},
}

@inproceedings { hldb-2012,
    title   =   {HLDB: Location-based services in databases},
    author  =   {Abraham, Ittai and Delling, Daniel and Fiat, Amos and Goldberg, Andrew V and Werneck, Renato F},
    booktitle   =   {Proceedings of the 20th International Conference on Advances in Geographic Information Systems},
    pages   =   {339--348},
    year    =   {2012},
    organization    =   {ACM},
    url     =   {http://research-srv.microsoft.com/pubs/172429/hldb_GIS12.pdf},
    urldate =   {2015-04-14},
}

@TechReport { hldb-msr-2012,
    author  =   {Ittai Abraham and Daniel Delling and Amos Fiat and Andrew V. Goldberg and Renato F. Werneck},
    month   =   jun,
    number  =   {MSR-TR-2012-59},
    publisher   =   {Microsoft Research},
    title   =   {HLDB: Location-Based Services in Databases},
    url     =   {http://research.microsoft.com/apps/pubs/default.aspx?id=166857},
    year    =   {2012},
    urldate =   {2015-04-14},
}

@MISC { img-conditional-restriction,
    author  =   {``Achadwik''},
    title   =   {File:Length and time restriction 2.jpg},
    year    =   {2011},
    note    =   {[License: Creative Commons Attribution-ShareAlike 2.0]},
    url     =   {http://wiki.openstreetmap.org/wiki/File:Length_and_time_restriction_2.jpg},
    urldate =   {2015-10-15},
}

@MISC { img-mikh-osm-map,
    author  =   {OpenStreetMap contributors \copyright},
    title   =   {OpenStreetMap},
    year    =   {2015},
    note    =   {[License: Creative Commons Attribution-ShareAlike 2.0]},
    url     =   {https://www.openstreetmap.org/#map=18/45.13903/42.03324},
    urldate =   {2015-10-22},
}